@ARTICLE{Yeates2020SoPh,
       author = {{Yeates}, Anthony R.},
        title = "{How Good Is the Bipolar Approximation of Active Regions for Surface Flux Transport?}",
      journal = {\solphys},
     keywords = {Astrophysics - Solar and Stellar Astrophysics},
         year = 2020,
        month = sep,
       volume = {295},
       number = {9},
          eid = {119},
        pages = {119},
          doi = {10.1007/s11207-020-01688-y},
archivePrefix = {arXiv},
       eprint = {2008.03203},
 primaryClass = {astro-ph.SR},
       adsurl = {https://ui.adsabs.harvard.edu/abs/2020SoPh..295..119Y},
      adsnote = {Provided by the SAO/NASA Astrophysics Data System}
}